<record>
  <leader>00892nem a2200241 a 4500</leader>
  <controlfield tag="001">991000096219702696</controlfield>
  <controlfield tag="005">20170117052020.0</controlfield>
  <controlfield tag="008">051118s1865    xx            001 0 eng u</controlfield>
  <datafield tag="035" ind1=" " ind2=" ">
    <subfield code="a">(IL-JeALB)10222-972ai_inst</subfield>
  </datafield>
  <datafield tag="035" ind1=" " ind2=" ">
    <subfield code="a">10222</subfield>
    <subfield code="9">ExL</subfield>
  </datafield>
  <datafield tag="035" ind1=" " ind2=" ">
    <subfield code="a">map00000075</subfield>
  </datafield>
  <datafield tag="100" ind1="1" ind2=" ">
    <subfield code="a">Wilson, Charles William,</subfield>
    <subfield code="c">Sir,</subfield>
    <subfield code="d">1836-1905.</subfield>
  </datafield>
  <datafield tag="245" ind1="1" ind2="0">
    <subfield code="a">Levelling from the Mediterranean to the Dead Sea and Solomon's Pools.</subfield>
    <subfield code="k">[plate]</subfield>
  </datafield>
  <datafield tag="255" ind1=" " ind2=" ">
    <subfield code="a">Graphical scale bar: 12.2 cm. = 3 miles.</subfield>
  </datafield>
  <datafield tag="260" ind1=" " ind2=" ">
    <subfield code="c">1865.</subfield>
  </datafield>
  <datafield tag="300" ind1=" " ind2=" ">
    <subfield code="a">1 map on 1 sheet ;</subfield>
    <subfield code="c">43 x 28 cm.</subfield>
  </datafield>
  <datafield tag="501" ind1=" " ind2=" ">
    <subfield code="a">Levelling from the Mediterranean to the Dead Sea (pls. VI &amp; VIII).</subfield>
  </datafield>
  <datafield tag="506" ind1=" " ind2=" ">
    <subfield code="a">May require conservation work before use.</subfield>
  </datafield>
  <datafield tag="651" ind1=" " ind2="0">
    <subfield code="a">Asia</subfield>
    <subfield code="z">Middle East</subfield>
    <subfield code="z">Jerusalem</subfield>
    <subfield code="v">Maps.</subfield>
  </datafield>
  <datafield tag="773" ind1="0" ind2=" ">
    <subfield code="t">Ordnance Survey of Jerusalem,</subfield>
    <subfield code="o">MAPS 25 (CM40.W692o: 46,47,48)</subfield>
  </datafield>
  <datafield tag="913" ind1=" " ind2=" ">
    <subfield code="1">87</subfield>
    <subfield code="5">Uncertain</subfield>
    <subfield code="6">Minimal</subfield>
  </datafield>
  <datafield tag="949" ind1=" " ind2=" ">
    <subfield code="a">MAPS 25 (vol.1, 46, pl. VII)</subfield>
  </datafield>
  <datafield tag="999" ind1=" " ind2=" ">
    <subfield code="a">MAP</subfield>
  </datafield>
</record>
